# Paper

@inproceedings{chang_zh_dep,
  author    = {Chang, Pi-Chuan  and  Tseng, Huihsin and Jurafsky, Dan and  Manning, Christopher D.},
  title     = {Discriminative Reordering with {C}hinese Grammatical Relations Features},
  booktitle = {Proceedings of the Third Workshop on Syntax and Structure in Statistical Translation},
  month     = {June},
  year      = {2009},
  address   = {Boulder, Colorado},
  url       = {http://nlp.stanford.edu//pubs/ssst09-chang.pdf}
}

@article{konstantinova_review,
  title = {Review of Relation Extraction Methods: What Is New Out There?},
  author= {Konstantinova, Natalia},
  booktitle = {Analysis of Images, Social Networks and Texts},
  pages = {15--28},
  year = {2014},
  publisher = {Springer}
}

@article{bach_review,
  title = {A review of relation extraction},
  author = {Bach, Nguyen and Badaskar, Sameer},
  journal = {Literature review for Language and Statistics II},
  year = {2007}
}

@inproceedings{mintz_distant,
  title={Distant supervision for relation extraction without labeled data},
  author={Mintz, Mike and Bills, Steven and Snow, Rion and Jurafsky, Dan},
  booktitle={Proceedings of the Joint Conference of the 47th Annual Meeting of the ACL and the 4th International Joint Conference on Natural Language Processing of the AFNLP: Volume 2-Volume 2},
  pages={1003--1011},
  year={2009},
  organization={Association for Computational Linguistics}
}

@inproceedings{hoffmann_knowledge,
  title={Knowledge-based weak supervision for information extraction of overlapping relations},
  author={Hoffmann, Raphael and Zhang, Congle and Ling, Xiao and Zettlemoyer, Luke and Weld, Daniel S},
  booktitle={Proceedings of the 49th Annual Meeting of the Association for Computational Linguistics: Human Language Technologies-Volume 1},
  pages={541--550},
  year={2011},
  organization={Association for Computational Linguistics}
}

@incollection{riedel_modeling,
  title={Modeling relations and their mentions without labeled text},
  author={Riedel, Sebastian and Yao, Limin and McCallum, Andrew},
  booktitle={Machine Learning and Knowledge Discovery in Databases},
  pages={148--163},
  year={2010},
  publisher={Springer}
}

@inproceedings{ray2005supervised,
  title={Supervised versus multiple instance learning: An empirical comparison},
  author={Ray, Soumya and Craven, Mark},
  booktitle={Proceedings of the 22nd international conference on Machine learning},
  pages={697--704},
  year={2005},
  organization={ACM}
}

@article{dietterich1997solving,
  title={Solving the multiple instance problem with axis-parallel rectangles},
  author={Dietterich, Thomas G and Lathrop, Richard H and Lozano-P{\'e}rez, Tom{\'a}s},
  journal={Artificial intelligence},
  volume={89},
  number={1},
  pages={31--71},
  year={1997},
  publisher={Elsevier}
}

@inproceedings{guodong2005exploring,
  title={Exploring various knowledge in relation extraction},
  author={GuoDong, Zhou and Jian, Su and Jie, Zhang and Min, Zhang},
  booktitle={Proceedings of the 43rd annual meeting on association for computational linguistics},
  pages={427--434},
  year={2005},
  organization={Association for Computational Linguistics}
}

# Webpage

@misc{Wiki,
  title = {Wikipedia, the free encyclopedia},
  author = {Wikipedia},
  howpublished = {\url{http://en.wikipedia.org}},
  note = {Accessed: 2015-06-03}
}

@misc{Wiki_KR,
  title = {Knowledge representation and reasoning},
  author = {Wikipedia},
  howpublished = {\url{http://en.wikipedia.org/wiki/Knowledge_representation_and_reasoning}},
  note = {Accessed: 2015-05-13}
}

@misc{Wiki_KE,
  title = {Knowledge extraction},
  author = {Wikipedia},
  howpublished = {\url{http://en.wikipedia.org/wiki/Knowledge_extraction}},
  note = {Accessed: 2015-05-13}
}

@misc{Wiki_RE,
  title = {Relationship extraction},
  author = {Wikipedia},
  howpublished = {\url{http://en.wikipedia.org/wiki/Relationship_extraction}},
  note = {Accessed: 2015-05-13}
}

@article{liu2004conceptnet,
  title={ConceptNetâ€”a practical commonsense reasoning tool-kit},
  author={Liu, Hugo and Singh, Push},
  journal={BT technology journal},
  volume={22},
  number={4},
  pages={211--226},
  year={2004},
  publisher={Springer}
}

# Tool

@misc{freebase:datadumps,
  title = {Freebase Data Dumps},
  author = {Google},
  howpublished = {\url{https://developers.google.com/freebase/data}},
  edition = {<month> <day>, <year>},
  year = {<year>}
}

@misc{syntree,
  title = {Syntax Tree Generator},
  author = {Miles Shang},
  howpublished = {\url{https://github.com/mshang/syntree}},
  year = {2011}
}

# Others

@article{davis_KR,
  title = {What is a knowledge representation?},
  author = {Davis, Randall and Shrobe, Howard and Szolovits, Peter},
  journal = {AI magazine},
  volume = {14},
  number = {1},
  pages = {17},
  year = {1993}
}

@misc{ACE_intro,
  title = {Automatic Content Extraction (ACE)},
  author = {Linguistic Data Consortium (LDC)},
  howpublished = {\url{https://www.ldc.upenn.edu/collaborations/past-projects/ace}},
  note = {Accessed: 2015-05-14}
}

@misc{ConceptNet5,
  title = {ConceptNet 5},
  author = {MIT Media Lab},
  howpublished = {\url{http://conceptnet5.media.mit.edu/}},
  note = {Accessed: 2015-05-22}
}

@misc{Sinica_corpus,
  title = {Academia Sinica Balanced Corpus of Modern Chinese},
  author = {Academia Sinica},
  howpublished = {\url{http://rocling.iis.sinica.edu.tw/CKIP/engversion/20corpus.htm}},
  note = {Accessed: 2015-05-23}
}
